4273 6264
522 2473 606 2536 62
1033 2465 2158 2540 <PRAOLEG0MENA

702 2552 903 2617 Editio
933 2567 1067 2616 xm.
1103 2575 1274 2621 anno
1320 2579 1346 2618 1
1362 2577 1397 2640 5
1414 2581 1438 2619 1
1453 2562 1513 2622 6.
1554 2563 1806 2623 Taurini
1846 2560 2006 2641 apud
2045 2564 2337 2622 Ioannem
2376 2559 2689 2664 Angelum3

531 2658 598 2710 et
616 2643 1068 2709 Rei-nardinum
1107 2645 1185 2708 de
1205 2647 1365 2708 Silua
1389 2689 1414 2723 9
1446 2665 1702 2711 curante
1745 2651 1973 2709 Ioanne
1994 2649 2212 2711 Brema
2242 2692 2264 2724 9
2303 2671 2484 2730 quam
2522 2657 2696 2740 laudat*

527 2735 609 2795 cl.
634 2733 942 2796 Zacharias
973 2737 1043 2796 in
1078 2740 1426 2822 peregi-egio
1459 2759 1566 2800 suo
1603 2759 1784 2821 opere
1804 2739 2011 2799 Storicz
2033 2741 2333 2801 Polemiccz
2368 2743 2517 2802 delle
2541 2760 2691 2822 proi.

525 2823 750 2884 biziom‘
786 2826 883 2884 ἅθ’
911 2826 1048 2884 libri
1083 2825 1162 2887 ad
1193 2847 1432 2888 annum
1456 2831 1612 2908 496.
1644 2849 1712 2889 n.
1731 2850 1788 2888 x.
1831 2849 2078 2910 pag-51·

714 2935 740 2971 1
754 2933 792 2974 0
802 2933 863 2992 5.
949 2911 1149 2975 Editio
1169 2929 1298 2978 XIV.
1318 2934 1489 2975 anno
1519 2939 1545 2976 ξ
1560 2935 1708 2995 524.
1730 2917 2043 2994 Compluti
2066 2919 2133 2975 in
2162 2935 2222 2992 4.
2244 2913 2385 2976 cum
2410 2921 2694 2996 par-aphra.

531 3001 585 3060 si
604 2998 1014 3060 Nebrissensis
1030 3043 1054 3073 9
1079 3016 1150 3062 vt
1186 3002 1369 3061 refert
1398 3001 1536 3059 Nic.
1562 2999 1874 3061 Antonius
1911 3007 1981 3061 in
2024 3005 2300 3062 Biblioth.
2345 3023 2505 3064 noua
2542 3008 2696 3095 Hisp‚

525 3089 719 3152 verbo
734 3087 1045 3146 Antonius
1066 3089 1325 3146 Lebrixa
1344 3127 1365 3162 9
1381 3091 1514 3146 siue
1533 3087 1811 3148 Nebrissa
1824 3130 1845 3161 9
1860 3091 2049 3149 latine
2071 3093 2477 3151 Nebrissensis
2490 3135 2510 3165 9
2534 3115 2698 3172 quem

523 3172 781 3235 edidisse
809 3176 896 3232 ait
931 3196 948 3232 ε
992 3174 1066 3232 In
1091 3175 1320 3235 Sedztlz‘i
1353 3195 1577 3256 poema
1603 3177 1679 3236 cle
1703 3178 1928 3238 Christi
1949 3181 2258 3239 miraculis
2281 3182 2675 3260 paraphrasis
2688 3229 2701 3253 .

525 3261 840 3342 compluti
872 3283 899 3320 1
914 3282 1063 3342 524.
1087 3264 1153 3321 in
1179 3283 1241 3339 4.
1258 3304 1281 3336 9
1301 3267 1424 3324 nisi
1447 3283 1614 3324 error
1637 3280 1729 3325 est
1749 3270 1816 3325 in
1842 3272 2112 3327 numeris
2147 3291 2170 3326 1
2187 3289 2468 3348 5247pro
2494 3291 2518 3327 1
2535 3292 2568 3350 5
2587 3295 2703 3357 14„

522 3363 594 3413 vt
614 3349 799 3410 modo
822 3347 1097 3411 dicebam
1122 3393 1139 3409 .
1175 3351 1414 3413 Recusa
1434 3357 1640 3431 paucis
1656 3369 1802 3413 ante
1822 3360 2003 3415 annis
2026 3370 2115 3416 est
2128 3356 2490 3416 Bibliotheca
2512 3375 2704 3443 vetu8,⁴

523 3451 589 3500 et
610 3457 774 3498 nona
791 3438 933 3500 Nic.
956 3439 1226 3501 Antonii
1243 3440 1485 3516 Matriti
1507 3443 1958 3525 elegantissimis
1987 3449 2151 3525 typis
2188 3468 2205 3503 ε
2238 3460 2302 3504 et
2324 3447 2706 3520 Bibliothecae

518 3525 770 3607 quidem
791 3532 988 3589 veteri
1008 3533 1355 3590 notationes
1377 3551 1510 3590 suas
1547 3552 1679 3592 non
1714 3531 1962 3611 quidem
1996 3537 2079 3592 ita
2101 3536 2318 3594 multas
2340 3557 2450 3613 pro
2466 3539 2553 3593 rei
2588 3559 2706 3602 am-

524 3614 833 3696 pfimffine
850 3659 872 3690 9
895 3616 1000 3678 sed
1022 3617 1281 3678 eruditas
1304 3633 1515 3678 tamen
1544 3663 1566 3693 9
1588 3636 1653 3696 et
1674 3623 1917 3683 selectas
1942 3621 2159 3682 adiecit
2196 3627 2292 3684 vir
2314 3627 2504 3682 clarus
2526 3627 2710 3689 Fran,

526 3706 928 3766 ciscus—Perez
946 3707 1146 3787 Bayer
1169 3750 1188 3765 .
1233 3710 1306 3767 ln
1326 3709 1689 3770 Bibliotheca
1720 3730 1879 3770 noua
1911 3712 2105 3769 solum
2139 3727 2431 3790 apparent
2469 3712 2707 3777 additio-

515 3811 638 3864 nes
665 3794 1019 3872 posthumae
1058 3794 1329 3856 eiusdem
1341 3795 1481 3854 Nic.
1499 3797 1769 3857 Antonii
1788 3839 1805 3855 .
1849 3797 2105 3859 Vtinam
2144 3803 2324 3859 simul
2356 3801 2668 3879 prodiisset
2689 3848 2711 3881 9

526 3895 633 3939 aut
671 3899 846 3939 nunc
883 3881 1152 3960 denique
1195 3887 1269 3941 in
1317 3885 1521 3944 lucem
1562 3890 1940 3946 emitteretur
1977 3889 2473 3968 supplementum
2495 3890 2714 3952 Biblio-

527 3969 740 4028 thecae
770 3987 971 4029 nouae
995 4011 1019 4042 9
1039 3969 1116 4028 de
1148 3991 1273 4048 quo
1304 3991 1504 4032 sermo
1525 3973 1594 4033 fit
1613 3977 1682 4031 in
1712 3975 2084 4053 praefatione
2105 3976 2180 4036 ad
2201 3977 2360 4037 hanc
2386 3976 2715 4060 editionem

524 4054 958 4118 Matritensem
972 4102 989 4117 .
1015 4060 1224 4138 Quum
1245 4065 1416 4120 enim
1439 4065 1555 4120 viri
1578 4062 1741 4121 docti
1761 4105 1781 4133 9
1805 4065 2066 4122 Thomas
2088 4066 2399 4123 Antonius
2423 4067 2716 4146 Sanchez‚

518 4145 780 4205 Ioannes
794 4146 1110 4205 Antonius
1126 4148 1376 4207 Pellicer
1390 4190 1411 4221 9
1430 4162 1492 4207 et
1513 4149 1781 4229 Raphael
1794 4150 2083 4211 Casalbon
2101 4195 2121 4225 9
2140 4153 2448 4235 augendae
2461 4196 2481 4227 9
2500 4169 2563 4213 et
2587 4176 2714 4217 cor-

522 4232 809 4316 rigendae
819 4234 1221 4295 Bibliothecae
1244 4255 1445 4295 nouae
1465 4240 1725 4298 multam
1740 4258 1986 4318 operam
2000 4282 2020 4311 9
2033 4254 2096 4300 et
2113 4242 2374 4301 laborem
2392 4246 2718 4323 insumpse.

521 4326 653 4381 rint
678 4364 700 4395 9
719 4338 791 4384 vt
813 4343 951 4384 eam
971 4327 1164 4383 tutius
1185 4326 1383 4407 legere
1410 4330 1706 4401 possimus
1732 4369 1753 4399 9
1785 4328 2125 4405 optandum
2150 4330 2320 4392 valde
2344 4344 2433 4391 est
2457 4374 2478 4405 9
2503 4333 2715 4397 saltem·

523 4415 937 4483 correctiones
970 4417 1038 4471 in
1076 4414 1379 4491 publicam
1418 4414 1622 4475 lucem
1657 4418 1869 4475 venire
1893 4458 1910 4474 .

709 4504 856 4560 106.
944 4500 1144 4560 Editio
1166 4516 1273 4564 xv.
1306 4504 1692 4581 3111101528.
1738 4504 1902 4563 Huic
1941 4524 2115 4565 anno
2148 4506 2478 4567 editionem
2502 4508 2720 4571 Seduni

521 4589 782 4649 Basileae
820 4592 889 4647 in
920 4590 983 4647 8.
1027 4607 1102 4648 ex
1142 4592 1565 4672 recognitione
1587 4590 1887 4650 Theodori
1910 4593 2272 4655 Poelmanni
2311 4600 2569 4679 assignat
2614 4600 2721 4659 Fa-

516 4679 740 4738 bricius
779 4679 848 4737 in
872 4678 1154 4737 Biblioth.
1179 4692 1303 4739 vet.
1330 4720 1353 4750 9
1387 4698 1583 4755 quum
1608 4677 1683 4737 de
1708 4678 1947 4739 Sedulio
1982 4687 2103 4765 agit
2127 4708 2147 4756 ς
2190 4706 2373 4763 quam
2395 4690 2715 4764 repetitam

520 4770 731 4827 innuit
768 4788 789 4823 1
807 4788 994 4848 5349
1014 4789 1039 4825 1
1056 4786 1208 4848 537.
1234 4810 1258 4841 9
1281 4779 1345 4827 et
1365 4766 1564 4826 Calari
1595 4790 1620 4826 1
1636 4789 1784 4853 573.
1810 4771 2112 4847 Loquitur
2143 4771 2218 4831 de
2242 4773 2510 4833 editione
2535 4775 2719 4835 Sedu-

521 4856 588 4915 lii
619 4856 797 4915 simui
817 4876 963 4915 cum
983 4858 1255 4929 iuuenco
1276 4899 1299 4932 9
1323 4855 1579 4917 Aratore
1590 4871 1715 4929 ζεῖ.
1727 4859 1955 4917 duobus
1983 4861 2231 4940 hymnis
2258 4863 2555 4923 Venantii
2577 4867 2717 4923 For-

520 4947 725 5004 tunati
747 4947 1083 5027 integritati
1116 4965 1256 5007 suae
1294 4965 1406 5025 per
1429 4943 1506 5006 G.
1533 4946 1941 5007 Cassandrum
1976 4954 2268 5010 restitutis
2292 4994 2309 5009 .
2355 4952 2443 5011 At
2465 4957 2593 5031 ipse
2615 4956 2722 5013 Fa-

518 5035 743 5095 bricius
775 5032 928 5094 dum
948 5032 1202 5095 quenci
1229 5034 1523 5095 editiones
1560 5051 1880 5098 enumerat
1903 5080 1924 5110 9
1959 5040 2155 5099 solum
2179 5040 2363 5101 refert
2386 5040 2718 5103 editionem

517 5142 595 5182 ex
638 5126 1063 5206 recognitione
1097 5126 1456 5185 Poelmanni
1486 5127 1750 5186 Basileae
1784 5131 1918 5187 sine
1949 5133 2103 5187 anni
2149 5146 2297 5189 nota
2335 5172 2354 5201 9
2398 5134 2718 5210 praemissa

517 5214 768 5291 epistola
787 5212 1138 5274 Hadamarii
1151 5257 1170 5289 9
1196 5235 1349 5295 quae
1371 5220 1627 5295 repetita
1647 5215 1833 5277 fuerit
1857 5217 2054 5277 Calari
2078 5261 2095 5277 .
2133 5218 2364 5278 Confer
2388 5240 2562 5279 num.
2578 5242 2600 5277 1
2616 5244 2720 5299 09.

519 5302 855 5362 Ceillierius
901 5324 1148 5384 quoque
1198 5319 1637 5366 commemorat
1686 5304 2021 5367 editionem
2053 5308 2459 5370 Basileensem
2494 5308 2719 5369 Sedulii

520 5395 677 5451 anni
706 5414 730 5450 1
747 5392 897 5472 528.
922 5436 948 5469 9
970 5393 1075 5454 sed
1095 5436 1117 5467 9
1138 5408 1209 5456 vt
1229 5398 1533 5456 coniicere
1553 5397 1698 5457 licet
1720 5437 1743 5470 9
1764 5416 1838 5458 ex
1858 5398 2132 5459 Fabricio
2155 5440 2174 5457 .

706 5502 854 5561 107.
940 5483 1139 5543 Editio
1176 5498 1307 5547 XVI.
1352 5478 1747 5568 anno‘15'34.
1792 5487 2054 5548 Basileae
2086 5492 2155 5548 in
2202 5488 2263 5546 8.
2290 5528 2313 5563 9
2335 5499 2405 5549 vt
2427 5505 2502 5547 ex
2522 5488 2723 5547 Fabri·

520 5573 626 5643 cio
660 5589 864 5652 nuper
896 5567 1020 5632 dixi
1044 5616 1062 5632 .
1092 5571 1398 5634 Adhaeret
1438 5576 1772 5635 Ceillierius
1799 5620 1815 5635 .
1965 5586 1971 5593 ²

707 5660 856 5723 108.
885 5708 887 5710 ι
942 5660 1142 5731 Editio
1165 5678 1320 5729 XVII.
1345 5685 1517 5728 anno
1549 5687 1743 5750 1537.
1767 5669 1835 5729 in
1858 5667 1921 5727 8.
1944 5668 2201 5730 quenci
2226 5668 2527 5751 Hispani,
2550 5682 2613 5729 et
2634 5667 2734 5730 Se*
